../../project/documents/bibtex/affective-computing.bib